<record><leader>00000cas a22000007a 4500</leader><controlfield tag="001">17975017</controlfield><controlfield tag="008">880519d195819uumsuwr ne      0    0eng d</controlfield><datafield ind1=" " ind2=" " tag="010"><subfield code="a">sn 88067149 </subfield></datafield><datafield ind1=" " ind2=" " tag="040"><subfield code="a">MSJ</subfield><subfield code="b">eng</subfield><subfield code="c">MSJ</subfield><subfield code="d">OCLCQ</subfield></datafield><datafield ind1=" " ind2=" " tag="042"><subfield code="a">msc</subfield></datafield><datafield ind1="0" ind2=" " tag="130"><subfield code="a">Baldwyn weekly news (Baldwyn, Miss. : 1958)</subfield></datafield><datafield ind1="1" ind2="4" tag="245"><subfield code="a">The Baldwyn weekly news.</subfield></datafield><datafield ind1=" " ind2=" " tag="260"><subfield code="a">Baldwyn, Miss. :</subfield><subfield code="b">William E. Johnson,</subfield><subfield code="c">1958-</subfield></datafield><datafield ind1=" " ind2=" " tag="310"><subfield code="a">Weekly</subfield></datafield><datafield ind1="0" ind2=" " tag="362"><subfield code="a">Vol. 19, no. 7 (Feb. 27, 1958)-</subfield></datafield><datafield ind1=" " ind2=" " tag="752"><subfield code="a">United States</subfield><subfield code="b">Mississippi</subfield><subfield code="c">Lee</subfield><subfield code="d">Baldwyn.</subfield></datafield><datafield ind1=" " ind2=" " tag="752"><subfield code="a">United States</subfield><subfield code="b">Mississippi</subfield><subfield code="c">Prentiss</subfield><subfield code="d">Baldwyn.</subfield></datafield><datafield ind1="0" ind2="0" tag="780"><subfield code="t">Baldwyn news (Baldwyn, Miss. : 1956)</subfield><subfield code="w">(OCoLC)17965731</subfield></datafield><datafield ind1="0" ind2="0" tag="785"><subfield code="t">Baldwyn news (Baldwyn, Miss. : 1961)</subfield><subfield code="w">(OCoLC)14438940</subfield></datafield></record>